@article{meinshausen2010stability,
  title={Stability selection},
  author={Meinshausen, Nicolai and B{\"u}hlmann, Peter},
  journal={Journal of the Royal Statistical Society: Series B (Statistical Methodology)},
  volume={72},
  number={4},
  pages={417--473},
  year={2010},
  publisher={Wiley Online Library}
}

@article{rao1955estimation,
  title={Estimation and tests of significance in factor analysis},
  author={Rao, C Radhakrishna},
  journal={Psychometrika},
  volume={20},
  number={2},
  pages={93--111},
  year={1955},
  publisher={Springer}
}

@inproceedings{elguero1988confidence,
  title={Confidence regions for projection pursuit density estimates},
  author={Elguero, E and Holmes-Junca, S},
  booktitle={Compstat},
  pages={59--63},
  year={1988},
  organization={Springer}
}

@article{raghu2020survey,
  title={A survey of deep learning for scientific discovery},
  author={Raghu, Maithra and Schmidt, Eric},
  journal={arXiv preprint arXiv:2003.11755},
  year={2020}
}

@book{mosteller1977data,
  title={Data analysis and regression: a second course in statistics},
  author={Mosteller, Frederick and Tukey, John Wilder and others},
  year={1977}
}

@article{yu2013stability,
  title={Stability},
  author={Yu, Bin and others},
  journal={Bernoulli},
  volume={19},
  number={4},
  pages={1484--1500},
  year={2013},
  publisher={Bernoulli Society for Mathematical Statistics and Probability}
}

@article{josse2016measuring,
  title={Measuring multivariate association and beyond},
  author={Josse, Julie and Holmes, Susan},
  journal={Statistics surveys},
  volume={10},
  pages={132},
  year={2016},
  publisher={NIH Public Access}
}

@article{witten2009penalized,
  title={A penalized matrix decomposition, with applications to sparse principal components and canonical correlation analysis},
  author={Witten, Daniela M and Tibshirani, Robert and Hastie, Trevor},
  journal={Biostatistics},
  volume={10},
  number={3},
  pages={515--534},
  year={2009},
  publisher={Oxford University Press}
}

@article{diggle2013spatial,
  title={Spatial and spatio-temporal log-Gaussian Cox processes: extending the geostatistical paradigm},
  author={Diggle, Peter J and Moraga, Paula and Rowlingson, Barry and Taylor, Benjamin M and others},
  journal={Statistical Science},
  volume={28},
  number={4},
  pages={542--563},
  year={2013},
  publisher={Institute of Mathematical Statistics}
}
@article{donnat2018tracking,
  title={Tracking network dynamics: A survey using graph distances},
  author={Donnat, Claire and Holmes, Susan and others},
  journal={The Annals of Applied Statistics},
  volume={12},
  number={2},
  pages={971--1012},
  year={2018},
  publisher={Institute of Mathematical Statistics}
}

@article{diaconis1983computer,
  title={Computer-intensive methods in statistics},
  author={Diaconis, Persi and Efron, Bradley},
  journal={Scientific American},
  volume={248},
  number={5},
  pages={116--131},
  year={1983},
  publisher={JSTOR}
}

@article{mcclelland1986parallel,
  title={Parallel distributed processing},
  author={McClelland, James L and Rumelhart, David E and PDP Research Group and others},
  journal={Explorations in the Microstructure of Cognition},
  volume={2},
  pages={216--271},
  year={1986},
  publisher={MIT Press Cambridge, Ma}
}

@article{keren2018structured,
  title={A structured tumor-immune microenvironment in triple negative breast cancer revealed by multiplexed ion beam imaging},
  author={Keren, Leeat and Bosse, Marc and Marquez, Diana and Angoshtari, Roshan and Jain, Samir and Varma, Sushama and Yang, Soo-Ryum and Kurian, Allison and Van Valen, David and West, Robert and others},
  journal={Cell},
  volume={174},
  number={6},
  pages={1373--1387},
  year={2018},
  publisher={Elsevier}
}